<record><leader>02508cam a2200457 i 4500</leader><controlfield tag="001">6786642</controlfield><controlfield tag="003">OCoLC</controlfield><controlfield tag="005">20150106142301.0</controlfield><controlfield tag="008">140624t20152015cau      b    001 0 eng c</controlfield><datafield ind1=" " ind2=" " tag="010"><subfield code="a">  2014023191</subfield></datafield><datafield ind1=" " ind2=" " tag="020"><subfield code="a">9780520283114 (cloth : alk. paper)</subfield></datafield><datafield ind1=" " ind2=" " tag="020"><subfield code="a">0520283112 (cloth : alk. paper)</subfield></datafield><datafield ind1=" " ind2=" " tag="020"><subfield code="a">9780520283121 (pbk. : alk. paper)</subfield></datafield><datafield ind1=" " ind2=" " tag="020"><subfield code="a">0520283120 (pbk. : alk. paper)</subfield></datafield><datafield ind1=" " ind2=" " tag="020"><subfield code="z">9780520958944 (ebook)</subfield></datafield><datafield ind1=" " ind2=" " tag="020"><subfield code="z">0520958942 (ebook)</subfield></datafield><datafield ind1=" " ind2=" " tag="035"><subfield code="a">ocn882620033</subfield></datafield><datafield ind1=" " ind2=" " tag="040"><subfield code="a">CU-S/DLC</subfield><subfield code="b">eng</subfield><subfield code="e">rda</subfield><subfield code="c">STF</subfield><subfield code="d">CUS</subfield><subfield code="d">DLC</subfield><subfield code="d">YDXCP</subfield><subfield code="d">ALAUL</subfield><subfield code="d">UAB</subfield></datafield><datafield ind1=" " ind2=" " tag="042"><subfield code="a">pcc</subfield></datafield><datafield ind1=" " ind2=" " tag="043"><subfield code="a">a-ko---</subfield></datafield><datafield ind1="0" ind2="0" tag="050"><subfield code="a">ML3502.K6</subfield><subfield code="b">L54 2015</subfield></datafield><datafield ind1="0" ind2="0" tag="082"><subfield code="a">781.63095195</subfield><subfield code="2">23</subfield></datafield><datafield ind1=" " ind2=" " tag="090"><subfield code="a">ML 3502 K6 L54 2015</subfield><subfield code="b">AEU</subfield></datafield><datafield ind1="1" ind2=" " tag="100"><subfield code="a">Lie, John,</subfield><subfield code="e">author,</subfield><subfield code="e">author.</subfield></datafield><datafield ind1="1" ind2="0" tag="245"><subfield code="a">K-pop :</subfield><subfield code="b">popular music, cultural amnesia, and economic innovation in South Korea /</subfield><subfield code="c">John Lie.</subfield></datafield><datafield ind1=" " ind2="1" tag="264"><subfield code="a">Oakland, California :</subfield><subfield code="b">University of California Press,</subfield><subfield code="c">[2015]</subfield></datafield><datafield ind1=" " ind2="4" tag="264"><subfield code="c">&#169;2015</subfield></datafield><datafield ind1=" " ind2=" " tag="300"><subfield code="a">241 pages ;</subfield><subfield code="c">23 cm</subfield></datafield><datafield ind1=" " ind2=" " tag="336"><subfield code="a">text</subfield><subfield code="2">rdacontent</subfield></datafield><datafield ind1=" " ind2=" " tag="337"><subfield code="a">unmediated</subfield><subfield code="2">rdamedia</subfield></datafield><datafield ind1=" " ind2=" " tag="338"><subfield code="a">volume</subfield><subfield code="2">rdacarrier</subfield></datafield><datafield ind1=" " ind2=" " tag="504"><subfield code="a">Includes bibliographical references (pages 165-223) and index.</subfield></datafield><datafield ind1="0" ind2=" " tag="505"><subfield code="a">Prelude -- How did we get here? -- Interlude -- Seoul calling -- Postlude -- Coda.</subfield></datafield><datafield ind1=" " ind2=" " tag="520"><subfield code="a">"K-Pop: Popular Music, Cultural Amnesia, and Economic Innovation in South Korea seeks at once to describe and explain the emergence of export-oriented South Korean popular music and to make sense of larger South Korean economic and cultural transformations. John Lie provides not only a history of South Korean popular music--the premodern background, Japanese colonial influence, post-Liberation American impact, and recent globalization--but also a description of K-pop as a system of economic innovation and cultural production. In doing so, K-Pop delves into the broader background of South Korea that gave rise to K-pop in this wonderfully informed history and analysis of a pop culture phenomenon sweeping the globe"--Provided by publisher.</subfield></datafield><datafield ind1=" " ind2=" " tag="596"><subfield code="a">16</subfield></datafield><datafield ind1=" " ind2="0" tag="650"><subfield code="a">Popular music</subfield><subfield code="z">Korea (South)</subfield><subfield code="x">History and criticism.</subfield></datafield><datafield ind1=" " ind2="0" tag="650"><subfield code="a">Popular music</subfield><subfield code="x">Economic aspects</subfield><subfield code="z">Korea (South)</subfield></datafield><datafield ind1=" " ind2="0" tag="650"><subfield code="a">Popular music</subfield><subfield code="x">Social aspects</subfield><subfield code="z">Korea (South)</subfield></datafield><datafield ind1=" " ind2="0" tag="650"><subfield code="a">Music and globalization</subfield><subfield code="z">Korea (South)</subfield></datafield><datafield ind1=" " ind2=" " tag="949"><subfield code="a">ML 3502 K6 L54 2015</subfield><subfield code="c">1</subfield><subfield code="h">UAAU-B</subfield><subfield code="i">0162035221322</subfield></datafield><datafield ind1=" " ind2=" " tag="926"><subfield code="a">ML 3502 K6 L54 2015</subfield><subfield code="w">LC</subfield><subfield code="c">1</subfield><subfield code="i">0162035221322</subfield><subfield code="d">1/29/2017</subfield><subfield code="e">1/29/2017</subfield><subfield code="k">CHECKEDOUT</subfield><subfield code="l">ON_SHELF</subfield><subfield code="m">UAAUG</subfield><subfield code="n">11</subfield><subfield code="p">$150.00</subfield><subfield code="r">M</subfield><subfield code="s">Y</subfield><subfield code="t">BOOK</subfield><subfield code="u">1/21/2015</subfield></datafield></record>